@mastersthesis{FPGA-CPU,
  title={基于 FPGA 流水线 CPU 的设计与实现},
  author={赖兆磬},
  year={2008},
  school={桂林电子科技大学}
}